%%%%%%%%%%%%%%%%%%%%%%%%%%%%%%%%%%%%%%%%%%%%%%%
% GP
@incollection{rasmussen2004gaussian,
  title={Gaussian processes in machine learning},
  author={C. E. Rasmussen},
  booktitle={{Advanced Lectures on Machine Learning}},
  pages={63--71},
  year={2004},
  publisher={Springer}
}

@book{Murphy:2012:MLP:2380985,
 author = {K. P. Murphy},
 title = {Machine Learning: A Probabilistic Perspective},
 year = {2012},
 isbn = {0262018020, 9780262018029},
 publisher = {The MIT Press},
} 

% CSA

@article{hansen2016cma,
  title={The {CMA} evolution strategy: A tutorial},
  author={N. Hansen},
  journal={arXiv preprint arXiv:1604.00772},
  year={2016}
}

% Approaches 1 [local-meta model]
@InProceedings{10.1007/11844297_95,
author="S. Kern and N. Hansen and P. Koumoutsakos",
editor="T. P. Runarsson et al.",
title="Local Meta-models for Optimization Using Evolution Strategies",
booktitle="Parallel Problem Solving from Nature - PPSN IX",
year="2006",
publisher="Springer Berlin Heidelberg",
pages="939--948",
}